<record><leader>00000cas a22000007a 4500</leader><controlfield tag="001">12799546</controlfield><controlfield tag="008">851115d19001904utuwr ne      0    0eng d</controlfield><datafield ind1=" " ind2=" " tag="010"><subfield code="a">sn 85058293 </subfield></datafield><datafield ind1=" " ind2=" " tag="040"><subfield code="a">UNP</subfield><subfield code="b">eng</subfield><subfield code="c">UNP</subfield><subfield code="d">NJW</subfield><subfield code="d">UBY</subfield><subfield code="d">OCLCQ</subfield><subfield code="d">OCLCF</subfield><subfield code="d">OCLCO</subfield></datafield><datafield ind1=" " ind2=" " tag="042"><subfield code="a">msc</subfield></datafield><datafield ind1=" " ind2=" " tag="043"><subfield code="a">n-us-ut</subfield></datafield><datafield ind1="0" ind2="0" tag="245"><subfield code="a">San Pete free press.</subfield></datafield><datafield ind1="3" ind2="0" tag="246"><subfield code="a">Sanpete free press</subfield></datafield><datafield ind1=" " ind2=" " tag="260"><subfield code="a">Manti, Utah :</subfield><subfield code="b">L.A. Lauber</subfield></datafield><datafield ind1=" " ind2=" " tag="300"><subfield code="a">v. :</subfield><subfield code="b">ill. ;</subfield><subfield code="c">40 cm.</subfield></datafield><datafield ind1=" " ind2=" " tag="310"><subfield code="a">Weekly</subfield></datafield><datafield ind1="1" ind2=" " tag="362"><subfield code="a">Began in 1900; ceased in 1904?</subfield></datafield><datafield ind1=" " ind2=" " tag="500"><subfield code="a">"Independent." Cf. Rowell, 1900.</subfield></datafield><datafield ind1=" " ind2=" " tag="515"><subfield code="a">Jan. 1903 issues incorrectly dated 1902.</subfield></datafield><datafield ind1=" " ind2=" " tag="588"><subfield code="a">Description based on: Vol. 8, no. 14 (Mar. 12, 1902).</subfield></datafield><datafield ind1=" " ind2="0" tag="651"><subfield code="a">Manti (Utah)</subfield><subfield code="v">Newspapers.</subfield></datafield><datafield ind1=" " ind2="0" tag="651"><subfield code="a">Sanpete County (Utah)</subfield><subfield code="v">Newspapers.</subfield></datafield><datafield ind1=" " ind2="7" tag="655"><subfield code="a">Newspapers.</subfield><subfield code="2">fast</subfield><subfield code="0">(OCoLC)fst01423814</subfield></datafield><datafield ind1=" " ind2="7" tag="651"><subfield code="a">Utah</subfield><subfield code="z">Manti.</subfield><subfield code="2">fast</subfield><subfield code="0">(OCoLC)fst01236146</subfield></datafield><datafield ind1=" " ind2="7" tag="651"><subfield code="a">Utah</subfield><subfield code="z">Sanpete County.</subfield><subfield code="2">fast</subfield><subfield code="0">(OCoLC)fst01218479</subfield></datafield><datafield ind1=" " ind2=" " tag="752"><subfield code="a">United States</subfield><subfield code="b">Utah</subfield><subfield code="c">Sanpete</subfield><subfield code="d">Manti.</subfield></datafield><datafield ind1="0" ind2="0" tag="780"><subfield code="t">Sanpete democrat</subfield><subfield code="w">(DLC)sn 86091294</subfield><subfield code="w">(OCoLC)13380080</subfield></datafield></record>